<record><leader>00000cas a22000007a 4500</leader><controlfield tag="001">13622523</controlfield><controlfield tag="008">860522d18921895iauwr ne      0    0eng d</controlfield><datafield ind1=" " ind2=" " tag="010"><subfield code="a">sn 86060088 </subfield></datafield><datafield ind1=" " ind2=" " tag="040"><subfield code="a">INP</subfield><subfield code="b">eng</subfield><subfield code="c">INP</subfield><subfield code="d">OCLCQ</subfield></datafield><datafield ind1=" " ind2=" " tag="042"><subfield code="a">msc</subfield></datafield><datafield ind1="0" ind2=" " tag="130"><subfield code="a">Taylor County Democrat (Bedford, Iowa : 1892)</subfield></datafield><datafield ind1="1" ind2="0" tag="245"><subfield code="a">Taylor County Democrat.</subfield></datafield><datafield ind1=" " ind2=" " tag="260"><subfield code="a">Bedford, Taylor County, Iowa :</subfield><subfield code="b">W.F. Brown and Dale &amp; Brown</subfield></datafield><datafield ind1=" " ind2=" " tag="300"><subfield code="a">v. :</subfield><subfield code="b">ill.</subfield></datafield><datafield ind1=" " ind2=" " tag="310"><subfield code="a">Weekly</subfield></datafield><datafield ind1="1" ind2=" " tag="362"><subfield code="a">Issued 1892?-1895?</subfield><subfield code="z">Cf. Bibl. of Iowa newspapers.</subfield></datafield><datafield ind1=" " ind2=" " tag="500"><subfield code="a">Publishers: Brown &amp; Bonham, Aug. 10, 1893-June 28, 1894; Long &amp; Bonham, July 5, 1894-&lt;June 6, 1895&gt;.</subfield></datafield><datafield ind1=" " ind2=" " tag="525"><subfield code="a">Includes occasional supplements.</subfield></datafield><datafield ind1=" " ind2=" " tag="588"><subfield code="a">Description based on: Vol. 13, no. 25 (June 22, 1893).</subfield></datafield><datafield ind1=" " ind2=" " tag="752"><subfield code="a">United States</subfield><subfield code="b">Iowa</subfield><subfield code="c">Taylor</subfield><subfield code="d">Bedford.</subfield></datafield><datafield ind1="0" ind2="0" tag="780"><subfield code="t">South-west Democrat</subfield><subfield code="w">(DLC)sn 86060095</subfield></datafield><datafield ind1="0" ind2="0" tag="785"><subfield code="t">Bedford free press</subfield><subfield code="w">(DLC)sn 86060086</subfield></datafield></record>